%% This BibTeX bibliography file was created using BibDesk.
%% https://bibdesk.sourceforge.io/

%% Created for Daniel J. McDonald at 2019-08-21 11:27:41 -0700 


%% Saved with string encoding Unicode (UTF-8) 


@article{Parag2022,
	author = {Parag, Kris V. and Thompson, Robin N. and Donnelly, Christl A.},
	journal = {Journal of the Royal Statistical Society Series A: Statistics in Society},
	pages = {S5-S15},
	title = {Are Epidemic Growth Rates More Informative than Reproduction Numbers?},
	volume = {185},
	year = {2022}}

@article{Pellis2022,
	author = {Pellis, Lorenzo and Birrell, Paul J. and Blake, Joshua and Overton, Christopher R. and Scarabel, Francesca and
	Stage, Helena B. and Brooks-Pollock, Ellen and Danon, Leon and Hall, Ian and House, Thomas A. and Keeling, Matt J. and
	Read, Jonathan M. and De Angelis, Daniela},
	journal = {Journal of the Royal Statistical Society Series A: Statistics in Society},
	pages = {S112-S130},
	title = {Estimation of Reproduction NUmbers in Real Time: Conceptual and Statistical Challenges},
	volume = {185},
	year = {2022}}

@article{Cori2013,
	author = {Cori, Anne and Ferguson, Neil M. and Fraser, Christophe and Cauchemez, Simon},
	journal = {American Journal of Epidemiology},
	number = {9},
	pages = {1505-1512},
	title = {A New Framework and Software to Estimate Time-Varying Reproduction Numbers During Epidemics},
	volume = {178},
	year = {2013}}

@article{Fraser2007,
	author = {Fraser, Christophe},
	journal = {PLoS ONE},
	title = {Estimating Individual and Household Reproduction Numbers in an Emerging Epidemic},
	volume = {8},
	year = {2007}}

@article{Liu2024,
	author = {Liu, Jiaping and Cai, Zhenglun and Gustafson, Paul and McDonald, Daniel J.},
	journal = {PLoS Computational Biology},
	title = {rtestim: Time-Varying Reproduction Number Estimation with Trend Filtering},
	volume = {20},
	year = {2024}}

@article{Nash2023,
	author = {Nash, Rebecca Lj and Bhatt, Samir and Cori, Anne and Nouvellet, Pierre},
	journal = {PLoS Computational Biology},
	title = {Estimating the Epidemic Reproduction Number from Temporally Aggregated Incidence Data: 
	a Statistical Modelling Approach and Software Tool},
	volume = {19},
	year = {2023}}

@article{SavitzkyGolay1964,
	author = {Savitzky, Abraham and Golay, M. J. E.},
	journal = {Analytical Chemistry},
	number = {8},
	pages = {1627-1639},
	title = {Smoothing and Differentiation of Data by Simplified Least Sqaures Procedures},
	volume = {36},
	year = {1964}}

@article{Comiskey2021,
	author = {Comiskey, Catherine M. and Snel, Anne and Banka, Prakashini S.},
	journal = {European Journal of Public Health},
	number = {4},
	pages = {908-912},
	title = {First Back-Calculation and Infection Fatality Multiplier Estimate of the Hidden Prevalence of COVID-19 in Ireland},
	volume = {31},
	year = {2021}}

@inproceedings{WallingaLipsitch2006,
	author = {Wallinga, J. and Lipsitch, M.},
	booktitle = {Proceedings of The Royal Society B},
	editor = {Barrett, Spencer},
	month = {22 Feb},
	pages = {599-604},
	publisher = {The Royal Society},
	title = {How Generation Intervals Shape the Relationship between Growth Rates and Reproductive Numbers},
	volume = {274},
	number = {1609},
	year = {2006}}

@inproceedings{DushoffPark2021,
	author = {Dushoff, Jonathan and Park, Sang Woo},
	booktitle = {Proceedings of The Royal Society B},
	editor = {Barrett, Spencer},
	month = {31 Mar},
	publisher = {The Royal Society},
	title = {Speed and Strength of an Epidemic Intervention},
	volume = {288},
	number = {1947},
	year = {2021}}

@inbook{Lloyd2009,
	author = {Lloyd, A. L.},
	publisher = {Springer},
	title = {Mathematical and Statistical Esimtation Approaches in Epidemiology},
	chapter = {Sensitivity of Model-Based Epidemiological Parameter Estimation to Model Assumptions},
	pages = {123-141},
	edition = {1},
	year = {2009}}

@inproceedings{McDonald2017,
	author = {McDonald, Daniel J.},
	booktitle = {Proceedings of the $20^{th}$ International Conference on Artificial Intelligence and Statistics (AISTATS)},
	editor = {Singh, Aarti and Zhu, Jerry},
	month = {20--22 Apr},
	pages = {194--203},
	publisher = {PMLR},
	title = {{Minimax Density Estimation for Growing Dimension}},
	volume = {54},
	year = {2017}}

@article{Stein1981,
	author = {Stein, Charles M.},
	journal = {The Annals of Statistics},
	number = {6},
	pages = {1135--1151},
	title = {Estimation of the Mean of a Multivariate Normal Distribution},
	volume = {9},
	year = {1981}}

